

@book{solem2012programming,
  title={Programming Computer Vision with Python: Tools and algorithms for analyzing images},
  author={Solem, Jan Erik},
  year={2012},
  publisher={" O'Reilly Media, Inc."}
}

@inproceedings{scharstein2003high,
  title={High-accuracy stereo depth maps using structured light},
  author={Scharstein, Daniel and Szeliski, Richard},
  booktitle={2003 IEEE Computer Society Conference on Computer Vision and Pattern Recognition, 2003. Proceedings.},
  volume={1},
  pages={I--I},
  year={2003},
  organization={IEEE}
}

@misc{wikipedia2022stereovision,
title={Computer Stereo Vision},
author={Wikipedia},
url={ {https://en.wikipedia.org/wiki/Computer\_stereo\_vision} }
}


@misc{wikipedia2022rectification,
title={Image rectification},
author={Wikipedia},
url={ {https://en.wikipedia.org/wiki/Image\_rectification} }
}



@misc{github2022gpu,
title={GPU Stereopsis},
author={Carlson, Stephen},
url={ {https://github.com/StephenCarlson/GPU_Stereopsis} }
}

@inproceedings{carlson2021minihawk,
  title={The {MiniHawk-VTOL}: Design, Modeling, and Experiments of a Rapidly-prototyped Tiltrotor UAV},
  author={Carlson, Stephen J and Papachristos, Christos},
  booktitle={2021 International Conference on Unmanned Aircraft Systems (ICUAS)},
  pages={777--786},
  year={2021},
  organization={IEEE}
}

@inproceedings{carlson2022multi,
  title={A Multi-VTOL Modular Aspect Ratio Reconfigurable Aerial Robot},
  author={Carlson, Stephen J and Arora, Prateek and Papachristos, Christos},
  booktitle={2022 International Conference on Robotics and Automation (ICRA)},
  pages={8--15},
  year={2022},
  organization={IEEE}
}


@inproceedings{arora2022deep,
  title={Deep-Learned Autonomous Landing Site Discovery for a Tiltrotor Micro Aerial Vehicle},
  author={Arora, Prateek and Carlson, Stephen J and Karakurt, Tolga and Papachristos, Christos},
  booktitle={2022 International Conference on Unmanned Aircraft Systems (ICUAS)},
  pages={255--262},
  year={2022},
  organization={IEEE}
}
@inproceedings{carlson2022integrated,
  title={Integrated Solar Power Harvesting and Hibernation for a Recurrent-Mission VTOL Micro Aerial Vehicle},
  author={Carlson, Stephen J and Karakurt, Tolga and Arora, Prateek and Papachristos, Christos},
  booktitle={2022 International Conference on Unmanned Aircraft Systems (ICUAS)},
  pages={237--244},
  year={2022},
  organization={IEEE}
}

@inproceedings{carlson2022solar,
  title={Solar Energy Harvesting for a Land-to-Recharge Tiltrotor Micro Aerial Vehicle},
  author={Carlson, Stephen J and Papachristos, Christos},
  booktitle={2022 IEEE Aerospace Conference (AERO)},
  pages={1--8},
  year={2022},
  organization={IEEE}
}


@inproceedings{arora2021mobile,
  title={Mobile Manipulation--based Deployment of Micro Aerial Robot Scouts through Constricted Aperture-like Ingress Points},
  author={Arora, Prateek and Papachristos, Christos},
  booktitle={2021 IEEE/RSJ International Conference on Intelligent Robots and Systems (IROS)},
  pages={6716--6723},
  year={2021},
  organization={IEEE}
}

@article{papachristos2019localization,
  title={Localization uncertainty-aware autonomous exploration and mapping with aerial robots using receding horizon path-planning},
  author={Papachristos, Christos and Mascarich, Frank and Khattak, Shehryar and Dang, Tung and Alexis, Kostas},
  journal={Autonomous Robots},
  volume={43},
  number={8},
  pages={2131--2161},
  year={2019},
  publisher={Springer}
}

@inproceedings{papachristos2017uncertainty,
  title={Uncertainty-aware receding horizon exploration and mapping using aerial robots},
  author={Papachristos, Christos and Khattak, Shehryar and Alexis, Kostas},
  booktitle={2017 IEEE international conference on robotics and automation (ICRA)},
  pages={4568--4575},
  year={2017},
  organization={IEEE}
}
            

% Missing ICRA Workshop metadata
@article{carlson2021migratory,
  title={Migratory Behaviors, Design Principles, and Experiments of a VTOL UAV for Long-term Autonomy},
  author={Carlson, Stephen J and Papachristos, Christos},
  journal={ICRA 2021 Aerial Robotics Workshop on ``Resilient and Long-Term Autonomy for Aerial Robotic Systems''},
  year={2021},
  publisher={IEEE}
}


@inproceedings{papachristos2016augmented,
  title={Augmented reality-enhanced structural inspection using aerial robots},
  author={Papachristos, Christos and Alexis, Kostas},
  booktitle={2016 IEEE international symposium on intelligent control (ISIC)},
  pages={1--6},
  year={2016},
  organization={IEEE}
}


@INPROCEEDINGS{AP_IROS_2021,
  author={Arora, Prateek and Papachristos, Christos},
  booktitle={2021 IEEE/RSJ International Conference on Intelligent Robots and Systems (IROS)}, 
  title={Mobile Manipulationâ€“based Deployment of Micro Aerial Robot Scouts through Constricted Aperture-like Ingress Points}, 
  year={2021},
  pages={6716-6723},
}

@inproceedings{AP_AEROCONF_2021,
  title={Launching a Micro--Scout UAV from a Mobile Robotic Manipulator Arm},
  author={Arora, Prateek and Papachristos, Christos},
  booktitle={2021 IEEE Aerospace Conference (50100)},
  pages={1--8},
  year={2021},
  organization={IEEE}
}

@inproceedings{AP_ISVC_2020,
  title={Mobile manipulator robot visual servoing and guidance for dynamic target grasping},
  author={Arora, Prateek and Papachristos, Christos},
  booktitle={International Symposium on Visual Computing},
  pages={223--235},
  year={2020},
  organization={Springer}
}

@inproceedings{AP_ICRA_2021,
  title={Environment Reconfiguration Planning for Autonomous Robotic Manipulation to overcome Mobility Constraints},
  author={Arora, Prateek and Papachristos, Christos},
  booktitle={2021 International Conference on Robotics and Automation (ICRA)},
  year={2021},
  organization={IEEE}
}
%  pages={\emph{to appear}},




@article{lorenz2018dragonfly,
  title={Dragonfly: A rotorcraft lander concept for scientific exploration at Titan},
  author={Lorenz, Ralph D and Turtle, Elizabeth P and Barnes, Jason W and Trainer, Melissa G and Adams, Douglas S and Hibbard, Kenneth E and Sheldon, Colin Z and Zacny, Kris and Peplowski, Patrick N and Lawrence, David J and others},
  journal={Johns Hopkins APL Technical Digest},
  volume={34},
  number={3},
  pages={14},
  year={2018}
}




@misc{carlson2021minihawk_github,
  title = {{MiniHawk}-{VTOL}},
  url = {https://github.com/StephenCarlson/MiniHawk-VTOL},
  abstract = {Artwork for the MiniHawk VTOL, a 3D-Printed Tricopter/Fixed-wing hybrid aircraft.},
  urldate = {2021-03-01},
  author = {Carlson, Steve},
  month = {feb},
  year = {2021},
  note = {original-date: 2020-06-15T22:15:39Z}
}

